<record><leader>00000cas a22000007a 4500</leader><controlfield tag="001">24664136</controlfield><controlfield tag="008">911101d18621863dcumr ne      0    0eng d</controlfield><datafield ind1=" " ind2=" " tag="010"><subfield code="a">sn 91069073 </subfield></datafield><datafield ind1=" " ind2=" " tag="040"><subfield code="a">ONP</subfield><subfield code="b">eng</subfield><subfield code="c">ONP</subfield><subfield code="d">DLC</subfield><subfield code="d">NVF</subfield><subfield code="d">OCL</subfield><subfield code="d">OCLCF</subfield><subfield code="d">OCLCO</subfield><subfield code="d">OCLCA</subfield></datafield><datafield ind1=" " ind2=" " tag="042"><subfield code="a">msc</subfield></datafield><datafield ind1="0" ind2=" " tag="130"><subfield code="a">Soldiers friend (Cleveland, Ohio)</subfield></datafield><datafield ind1="0" ind2="4" tag="245"><subfield code="a">The soldiers friend.</subfield></datafield><datafield ind1="1" ind2="3" tag="246"><subfield code="a">Soldier's friend</subfield></datafield><datafield ind1=" " ind2=" " tag="260"><subfield code="a">Cleveland, Ohio :</subfield><subfield code="b">C.G. Bruce,</subfield><subfield code="c">1862-1863.</subfield></datafield><datafield ind1=" " ind2=" " tag="300"><subfield code="a">v.</subfield></datafield><datafield ind1=" " ind2=" " tag="310"><subfield code="a">Monthly</subfield></datafield><datafield ind1="0" ind2=" " tag="362"><subfield code="a">Vol. 1, no. 1 (Aug. 1862)-v. 2, no. 6 (Nov. 1863).</subfield></datafield><datafield ind1=" " ind2=" " tag="500"><subfield code="a">Organ of the Soldiers' National War-Claim Agency.</subfield></datafield><datafield ind1=" " ind2=" " tag="500"><subfield code="a">Published at Washington, D.C., July 1863-Nov. 1863.</subfield></datafield><datafield ind1=" " ind2="0" tag="650"><subfield code="a">Veterans</subfield><subfield code="z">Ohio</subfield><subfield code="v">Newspapers.</subfield></datafield><datafield ind1=" " ind2="0" tag="650"><subfield code="a">Military pensions</subfield><subfield code="z">Ohio</subfield><subfield code="v">Newspapers.</subfield></datafield><datafield ind1=" " ind2="7" tag="655"><subfield code="a">Newspapers.</subfield><subfield code="2">fast</subfield><subfield code="0">(OCoLC)fst01423814</subfield></datafield><datafield ind1=" " ind2="7" tag="650"><subfield code="a">Military pensions.</subfield><subfield code="2">fast</subfield><subfield code="0">(OCoLC)fst01021361</subfield></datafield><datafield ind1=" " ind2="7" tag="650"><subfield code="a">Veterans.</subfield><subfield code="2">fast</subfield><subfield code="0">(OCoLC)fst01165710</subfield></datafield><datafield ind1=" " ind2="7" tag="651"><subfield code="a">Ohio.</subfield><subfield code="2">fast</subfield><subfield code="0">(OCoLC)fst01205075</subfield></datafield><datafield ind1=" " ind2=" " tag="752"><subfield code="a">United States</subfield><subfield code="b">Ohio</subfield><subfield code="c">Cuyahoga</subfield><subfield code="d">Cleveland.</subfield></datafield><datafield ind1=" " ind2=" " tag="752"><subfield code="a">United States</subfield><subfield code="b">District of Columbia</subfield><subfield code="d">Washington.</subfield></datafield></record>